@inproceedings{soap,
    author={Gao, Xitong and Bayliss, Samuel and Constantinides, George A.},
    booktitle={
        2013 International Conference on Field-Programmable Technology (FPT)},
    title={
        {SOAP}\@: Structural Optimization of Arithmetic Expressions for
        High-Level Synthesis},
    year={2013},
    month=dec,
    pages={112-119},
    doi={10.1109/FPT.2013.6718340}
}
@inproceedings{soap2,
 author = {Gao, Xitong and Constantinides, George A.},
 title = {Numerical Program Optimization for High-Level Synthesis},
 booktitle = {Proceedings of the 2015 ACM/SIGDA International Symposium on Field-Programmable Gate Arrays},
 series = {FPGA '15},
 year = {2015},
 isbn = {978-1-4503-3315-3},
 location = {Monterey, California, USA},
 pages = {210--213},
 numpages = {4},
 url = {http://doi.acm.org/10.1145/2684746.2689090},
 doi = {10.1145/2684746.2689090},
 acmid = {2689090},
 publisher = {ACM},
 keywords = {high-level synthesis, numerical accuracy, round-off error},
}
@inproceedings{soap3,
 author = {Gao, Xitong and Wickerson, John and Constantinides, George A.},
 title = {Automatically Optimizing the Latency, Area, and Accuracy of C Programs for High-Level Synthesis},
 booktitle = {Proceedings of the 2016 ACM/SIGDA International Symposium on Field-Programmable Gate Arrays},
 series = {FPGA '16},
 year = {2016},
 isbn = {978-1-4503-3856-1},
 location = {Monterey, California, USA},
 pages = {234--243},
 numpages = {10},
 url = {http://doi.acm.org/10.1145/2847263.2847282},
 doi = {10.1145/2847263.2847282},
 acmid = {2847282},
 publisher = {ACM},
 keywords = {floating-point arithmetic, high-level synthesis, loop pipelining, numerical accuracy, round-off error},
}
