HLS
@article{gajski94,
 author = {Gajski, Daniel D. and Ramachandran, Loganath},
 title = {Introduction to High-Level Synthesis},
 journal = {IEEE Design and Test of Computers},
 issue_date = {October 1994},
 volume = {11},
 number = {4},
 month = oct,
 year = {1994},
 issn = {0740-7475},
 pages = {44--54},
 numpages = {11},
 acmid = {622573},
 publisher = {IEEE Computer Society Press},
 address = {Los Alamitos, CA, USA},
}
@article{meeus12,
year={2012},
journal={Design Automation for Embedded Systems},
volume={16},
number={3},
title={{An Overview of Today's High-Level Synthesis Tools}},
author={Meeus, Wim and Van Beeck, Kristof and Goedem\'e, Toon and Meel, Jan and Stroobandt, Dirk},
pages={31-51},
}
SOAP
@inproceedings{soap,
  author    = {Xitong Gao and
               Samuel Bayliss and
               George A. Constantinides},
  title     = {{SOAP:} Structural optimization of arithmetic expressions for
               high-level synthesis},
  booktitle = {2013 International Conference on Field-Programmable Technology,
               {FPT} 2013, Kyoto, Japan, December 9-11, 2013},
  pages     = {112--119},
  year      = {2013},
  crossref  = {DBLP:conf/fpt/2013},
  url       = {http://dx.doi.org/10.1109/FPT.2013.6718340},
  doi       = {10.1109/FPT.2013.6718340},
  timestamp = {Mon, 27 Jan 2014 15:08:11 +0100},
}
@inproceedings{soap2,
    author    = {Xitong Gao and George A. Constantinides},
    title     = {Numerical Program Optimization for High-Level Synthesis},
    booktitle = {FPGA},
    year      = {2015}
}

IEEE 754 standard
@techreport{ieee754,
    booktitle = {IEEE Std 754-2008},
    doi = {10.1109/ieeestd.2008.4610935},
    institution = {
        Microprocessor Standards Committee of the IEEE Computer Society},
    isbn = {978-0-7381-5752-8},
    journal = {IEEE Std 754-2008},
    year = {2008},
    organization = {
        Microprocessor Standards Committee of the IEEE Computer Society},
    author = {ANSI/IEEE},
    pages = {1-70},
    publisher = {The Institute of Electrical and Electronics Engineers, Inc.},
    title = {{IEEE} Standard for Floating-Point Arithmetic}
}

Compilers
@book{gcc,
    title={Using and porting the GNU compiler collection},
    author={Stallman, Richard M and others},
    year={1999},
    publisher={Free Software Foundation}
}
@inproceedings{llvm,
    author = {Lattner, Chris and Adve, Vikram},
    title = {{
        LLVM: A Compilation Framework for Lifelong Program Analysis \&
        Transformation}},
    booktitle = {
        Proceedings of the International Symposium on Code Generation and
        Optimization},
    series = {CGO '04},
    isbn = {0-7695-2102-9},
    location = {Palo Alto, California},
    pages = {75},
    url = {http://dl.acm.org/citation.cfm?id=977395.977673},
    acmid = {977673},
}

Xilinx
@manual{fpip,
    title = {{LogiCORE IP Floating-Point Operator v7.0 -- Product Guide}},
    author = {{Xilinx, Inc.}},
    year = {2014},
}
@booklet{vivado_hls,
    title = {{Vivado Design Suite User Guide---High-Level Synthesis}},
    author = {{Xilinx, Inc.}},
    year = {2015},
}
@booklet{vivado_ds,
    title = {{Vivado Design Suite User Guide---Synthesis}},
    author = {{Xilinx, Inc.}},
    year = {2015},
}
@misc{bdti_xilinx,
    title = {{An Independent Evaluation of: High-Level Synthesis Tools for Xilinx FPGAs}},
    author = {{Berkeley Design Technology, Inc.}},
    year = {2010},
    url = {http://www.xilinx.com/technology/dsp/BDTI_techpaper.pdf},
}
Altera
@manual{altfp,
    title = {{Floating-Point Megafunctions---User Guide}},
    author = {{Altera Coorperation}},
    year = {2013},
    month = {Nov},
    url = {http://www.altera.co.uk/literature/ug/ug_altfp_mfug.pdf},
}

LegUp
@inproceedings{legup,
    author = {Canis, Andrew and Choi, Jongsok and Aldham, Mark and Zhang, Victor and Kammoona, Ahmed and Anderson, Jason H. and Brown, Stephen and Czajkowski, Tomasz},
    title = {{LegUp: High-level Synthesis for FPGA-based Processor/Accelerator Systems}},
    booktitle = {FPGA},
    year = {2011},
}

Trade off
@inproceedings{constantinides,
    author={Constantinides, G.A. and Cheung, P.Y.K. and Luk, W.},
    booktitle={
        The 9th Annual IEEE Symposium on Field-Programmable Custom Computing
        Machines, 2001. FCCM '01.},
    title={The Multiple Wordlength Paradigm},
    pages={51-60},
}
@article{menard12,
    author = {
        Menard, Daniel and Herve, Nicolas and Sentieys, Olivier and
        Nguyen, Hai-Nam},
    title = {{High-level Synthesis Under Fixed-point Accuracy Constraint}},
    journal = {JECE},
    issue_date = {January 2012},
    volume = {2012},
    month = jan,
    year = {2012},
    issn = {2090-0147},
    pages = {8:8--8:8},
    articleno = {8},
    numpages = {1},
    url = {http://dx.doi.org/10.1155/2012/906350},
    doi = {10.1155/2012/906350},
    acmid = {2336534},
    publisher = {Hindawi Publishing Corp.},
    address = {New York, NY, United States},
}

Arithmetic expressions
@phdthesis{mouilleron,
    title = {
        Efficient Computation with Structured Matrices and Arithmetic
        Expressions},
    author = {Mouilleron, Christophe},
    year = {2011},
    school = {ENS LYON}
}
@inproceedings{ioualalen,
    author = {Ioualalen, Arnault and Martel, Matthieu},
    title = {
        A new abstract domain for the representation of mathematically
        equivalent expressions},
    booktitle = {
        Proceedings of the 19th International Conference on Static Analysis,
        SAS '12},
    isbn = {978-3-642-33124-4},
    pages = {75--93},
    numpages = {19},
    acmid = {2414946},
}
@TechReport{darulova,
    affiliation = {EPFL},
    author      = {
        Darulova, Eva and Kuncak, Viktor and Majumdar, Rupak and
        Saha, Indranil},
    details     = {http://infoscience.epfl.ch/record/181818},
    keywords    = {
        fixed-point arithmetic; roundoff error; synthesis;
        genetic programming},
    oai-id      = {oai:infoscience.epfl.ch:181818},
    oai-set     = {driver},
    pagecount   = {10},
    status      = {PUBLISHED},
    submitter   = {191100; 191100; 191100; 191100},
    title       = {
        On the {G}eneration of {P}recise {F}ixed-{P}oint {E}xpressions},
    unit        = {LARA},
    year        = 2013,
    institution = {\'Ecole Polytechnique F\'ed\'erale De Lausanne},
}
@inproceedings{hosangadi,
    author = {Hosangadi, A. and Fallah, F. and Kastner, R.},
    title = {
        Factoring and eliminating common subexpressions in polynomial
        expressions},
    booktitle = {ICCAD},
    year = {2004},
}
@inproceedings{peymandoust,
    author = {Peymandoust, A. and De Micheli, G.},
    booktitle = {DAC},
    title = {Using symbolic algebra in algorithmic level {DSP} synthesis},
    year = {2001},
}
@inproceedings{martel07,
    year = {2007},
    isbn = {978-3-540-74060-5},
    booktitle = {Static Analysis, Lecture Notes in Computer Science},
    volume = {4634},
    doi = {10.1007/978-3-540-74061-2_19},
    title = {Semantics-Based Transformation of Arithmetic Expressions},
    author = {Martel, Matthieu},
    pages = {298-314},
    publisher = {Springer-Verlag},
}
@inproceedings{panchekha15,
    author = {Panchekha, Pavel and Sanchez-Stern, Alex and Wilcox, James R. and Tatlock, Zachary},
    title = {Automatically Improving Accuracy for Floating Point Expressions},
    booktitle = {PLDI},
    year = {2015},
}

Program Transformation
@inproceedings{tate09,
    author = {
        Tate, Ross and Stepp, Michael and Tatlock, Zachary and Lerner, Sorin},
    title = {Equality Saturation: A New Approach to Optimization},
    booktitle = {
        Proceedings of the 36th Annual ACM SIGPLAN-SIGACT Symposium on
        Principles of Programming Languages},
    series = {POPL '09},
    isbn = {978-1-60558-379-2},
    location = {Savannah, GA, USA},
    pages = {264--276},
    numpages = {13},
    url = {http://doi.acm.org/10.1145/1480881.1480915},
    doi = {10.1145/1480881.1480915},
    acmid = {1480915},
    keywords = {
        compiler optimization, equality reasoning,
        intermediate representation},
}
@incollection{damouche15,
    year={2015},
    booktitle={Formal Methods for Industrial Critical Systems},
    volume={9128},
    series={LNCS},
    editor={N\'u\~nez, Manuel and G\"udemann, Matthias},
    title={Intra-procedural Optimization of the Numerical Accuracy of Programs},
    publisher={Springer},
    author={Damouche, Nasrine and Martel, Matthieu and Chapoutot, Alexandre},
    pages={31-46},
    language={English}
}
@inproceedings{martel09,
    author    = {Martel, Matthieu},
    title     = {Program transformation for numerical precision},
    booktitle = {Proceedings of the 2009 ACM SIGPLAN workshop on Partial
                evaluation and program manipulation, PEPM '09},
    year      = {2009},
    isbn      = {978-1-60558-327-3},
    pages     = {101--110},
    doi       = {10.1145/1480945.1480960},
    acmid     = {1480960},
    publisher = {ACM},
    keywords  = {abstract interpretation, compiler optimizations,
                floating-point numbers, numerical precision,
                program transformation},
}

Abstract Interpretation
@inproceedings{cousot77,
    author = {Cousot, Patrick and Cousot, Radhia},
    title = {
        Abstract interpretation: a unified lattice model for static analysis of
        programs by construction or approximation of fixpoints},
    booktitle = {
        Proceedings of the 4th ACM SIGACT-SIGPLAN Symposium on Principles of
        Programming Languages, POPL '77},
    year = {1977},
    pages = {238--252},
    numpages = {15},
    doi = {10.1145/512950.512973},
    acmid = {512973},
    publisher = {ACM},
}

Denotational Semantics
@book{stoy77,
    author = {Stoy, Joseph E.},
    title = {
        Denotational Semantics: The Scott-Strachey Approach to Programming
        Language Theory},
    year = {1977},
    isbn = {0262191474},
    publisher = {MIT Press},
    address = {Cambridge, MA, USA},
}

Natural Semantics
@inproceedings{kahn87,
    author = {Kahn, Gilles},
    title = {Natural Semantics},
    booktitle = {
        4th Annual Symposium on Theoretical Aspects of Computer Sciences on
        STACS 87},
    year = {1987},
    isbn = {0-387-17219-X},
    location = {Passau, Germany},
    pages = {22--39},
    numpages = {18},
    url = {http://dl.acm.org/citation.cfm?id=28220.28222},
    acmid = {28222},
}

BNF
@article{knuth64,
 author = {Knuth, Donald E.},
 title = {{Backus Normal Form vs. Backus Naur Form}},
 journal = {Commun. ACM},
 issue_date = {Dec. 1964},
 volume = {7},
 number = {12},
 month = dec,
 year = {1964},
 issn = {0001-0782},
 pages = {735--736},
 numpages = {2},
 url = {http://doi.acm.org/10.1145/355588.365140},
 doi = {10.1145/355588.365140},
 acmid = {365140},
 publisher = {ACM},
 address = {New York, NY, USA},
}
CDFG
@inproceedings{namballa04,
    author={Namballa, R. and Ranganathan, N. and Ejnioui, A},
    booktitle={
        Proceedings of the IEEE Computer Society Annual Symposium on VLSI,
        2004.},
    title={Control and data flow graph extraction for high-level synthesis},
    year={2004},
    month={Feb},
    pages={187-192},
    doi={10.1109/ISVLSI.2004.1339528},
}
SSA
@article{cytron91,
 author = {Cytron, Ron and Ferrante, Jeanne and Rosen, Barry K. and Wegman, Mark N. and Zadeck, F. Kenneth},
 title = {Efficiently Computing Static Single Assignment Form and the Control Dependence Graph},
 journal = {ACM TOPLAS},
 volume = {13},
 number = {4},
 month = oct,
 year = {1991},
 pages = {451--490},
 publisher = {ACM},
}
DSA
@incollection{rau92,
    year={1992},
    booktitle={Languages and Compilers for Parallel Computing},
    volume={589},
    series={LNCS},
    title={{Data Flow and Dependence Analysis for Instruction Level Parallelism}},
    publisher={Springer},
    author={Rau, B.R.},
    pages={236-250},
}
Fusion
@inproceedings{kuck81,
    author = {
        Kuck, D. J. and Kuhn, R. H. and Padua, D. A. and Leasure, B. and
        Wolfe, M.
    },
    title = {Dependence Graphs and Compiler Optimizations},
    booktitle = {
        Proceedings of the 8th ACM SIGPLAN-SIGACT Symposium on Principles of
        Programming Languages},
    series = {POPL '81},
    isbn = {0-89791-029-X},
    location = {Williamsburg, Virginia},
    pages = {207--218},
    numpages = {12},
    url = {http://doi.acm.org/10.1145/567532.567555},
    doi = {10.1145/567532.567555},
    acmid = {567555},
}

Modulo SDC
@inproceedings{canis14,
    author    = {Andrew Canis and Stephen Dean Brown and
                Jason Helge Anderson},
    title     = {Modulo {SDC} scheduling with recurrence
                minimization in high-level synthesis},
    booktitle = {FPL},
    year      = {2014},

}

Tree height reduction
@inproceedings{nicolau91,
 author = {Nicolau, Alexandru and Potasmann, Roni},
 title = {Incremental Tree Height Reduction for High Level Synthesis},
 booktitle = {Proceedings of the 28th ACM/IEEE Design Automation Conference},
 series = {DAC '91},
 year = {1991},
 isbn = {0-89791-395-7},
 location = {San Francisco, California, USA},
 pages = {770--774},
 numpages = {5},
 url = {http://doi.acm.org/10.1145/127601.127767},
 doi = {10.1145/127601.127767},
 acmid = {127767},
 publisher = {ACM},
 address = {New York, NY, USA},
}

Iterative Modulo Scheduling
@inproceedings{rau94,
 author = {Rau, B. Ramakrishna},
 title = {{Iterative Modulo Scheduling: An Algorithm for Software Pipelining Loops}},
 booktitle = {MICRO},
 year = {1994},
}

Operation Scheduling
@incollection{wang_hls,
year={2008},
booktitle={High-Level Synthesis},
editor={Coussy, Philippe and Morawiec, Adam},
title={{Operation Scheduling: Algorithms and Applications}},
publisher={Springer},
author={Wang, Gang and Gong, Wenrui and Kastner, Ryan},
}
ISL
@inproceedings{isl,
    year={2010},
    booktitle={Mathematical Software (ICMS)},   
    title={{isl: An Integer Set Library for the Polyhedral Model}},
    author={Verdoolaege, Sven},
}
PolyBench
@misc{polybench,
    title={{PolyBench/C---the Polyhedral Benchmark suite}},
    author={Pouchet, Louis-Noel},
    howpublished={\url{http://web.cse.ohio-state.edu/~pouchet/software/polybench/}},
}
Livermore
@incollection{livermore,
    year={2011},
    isbn={978-0-387-09765-7},
    booktitle={Encyclopedia of Parallel Computing},
    editor={Padua, David},
    doi={10.1007/978-0-387-09766-4_161},
    title={{Livermore Loops}},
    publisher={Springer US},
    author={Dongarra, Jack and Luszczek, Piotr},
    pages={1041-1043},
    language={English}
}

Cong paper
@inproceedings{cong15,
    author = {Li, Peng and Zhang, Peng and Pouchet, Louis-Noel and Cong, Jason},
    title = {Resource-Aware Throughput Optimization for High-Level Synthesis},
    booktitle = {FPGA},
    year = {2015},
}

Accuracy
@book{higham02,
 author = {Higham, Nicholas J.},
 title = {Accuracy and Stability of Numerical Algorithms},
 year = {2002},
 isbn = {0898715210},
 edition = {2nd},
 publisher = {Society for Industrial and Applied Mathematics},
 address = {Philadelphia, PA, USA},
}

Sampling
@inproceedings{bridson07,
 author = {Bridson, Robert},
 title = {Fast Poisson Disk Sampling in Arbitrary Dimensions},
 booktitle = {SIGGRAPH Sketches},
 year = {2007},
} 
