@techreport{ieee754,
    booktitle = {IEEE Std 754-2008},
    doi = {10.1109/ieeestd.2008.4610935},
    institution = {Microprocessor Standards Committee of the IEEE Computer Society},
    isbn = {978-0-7381-5752-8},
    journal = {IEEE Std 754-2008},
    keywords = {ch3, gpgpu},
    day = {29},
    month = aug,
    year = {2008},
    organization = {Microprocessor Standards Committee of the IEEE Computer Society},
    author = {ANSI/IEEE},
    pages = {1--58},
    publisher = {The Institute of Electrical and Electronics Engineers, Inc.},
    title = {{IEEE Standard for Floating-Point Arithmetic}}
}
@inproceedings{muller,
    author = {Muller, Jean-Michel},
    booktitle = {Research report, {Laboratoire de l'Informatique du Parall\'{e}lisme}, RR2005-09},
    citeulike-article-id = {8690334},
    posted-at = {2011-01-25 12:01:44},
    priority = {2},
    title = {{On the definition of ulp(x)}},
    year = {2005},
    month = feb,
}
@article{goldberg,
    title = {What every computer scientist should know about floating-point arithmetic},
    author = {Goldberg, David},
    journal = {ACM Computing Surveys (CSUR)},
    volume = {23},
    number = {1},
    pages = {5--48},
    year = {1991},
    publisher = {ACM}
}
@techreport{bdti,
    title = {High-Level Synthesis Tools for {Xilinx} {FPGAs}},
    author = {{Berkeley Design Technology, Inc}},
    institution = {{Berkeley Design Technology, Inc}},
    year = 2010,
}
@book{gajski,
    title = {High-Level Synthesis---Introduction to Chip and System Design},
    author = {Gajski, Daniel and Dutt, Nikil and Wu, Allen and Lin, Steve},
    year = {1992},
    publisher = {Kluwer Boston}
}
@book{coussy,
    author = {Coussy, Philippe and Morawiec, Adam},
    title = {High-Level Synthesis: from Algorithm to Digital Circuit},
    year = {2008},
    isbn = {1402085877, 9781402085871},
    edition = {1st},
    publisher = {Springer-Verlag},
}
@article{mcfarland,
    title = {The high-level synthesis of digital systems},
    author = {McFarland, Michael C and Parker, Alice C and Camposano, Raul},
    journal = IEEE_J_PROC,
    volume = {78},
    number = {2},
    pages = {301--318},
    year = {1990},
    publisher = {IEEE}
}
@booklet{vivado_hls,
    title = {Vivado Design Suite User Guide---High-Level Synthesis},
    author = {{Xilinx}},
    year = {2012},
}
@booklet{legup,
    shorthand = {LU},
    title = {{LegUp} Documentation---Release 4.0},
    author = {University of Toronto},
    year = {2015},
    month = oct,
    url = {http://legup.eecg.utoronto.ca/docs/4.0/legup-4.0-doc.pdf}
}
@article{constantinides,
    author = {Constantinides, G.A. and Kinsman, A.B. and Nicolici, N.},
    journal = IEEE_M_DTC,
    title = {Numerical Data Representations for {FPGA}-Based Scientific Computing},
    year = {2011},
    volume = {28},
    number = {4},
    pages = {8-17},
    doi = {10.1109/MDT.2011.48},
    ISSN = {0740-7475},
}
@phdthesis{mouilleron,
    title = {Efficient Computation with Structured Matrices and Arithmetic Expressions},
    author = {Mouilleron, Christophe},
    year = {2011},
    school = {Ecole Normale Sup{\'e}rieure de Lyon-ENS LYON}
}
@inproceedings{ioualalen,
    author = {Ioualalen, Arnault and Martel, Matthieu},
    title = {A new abstract domain for the representation of mathematically equivalent expressions},
    booktitle = {Proceedings of the 19th International Conference on Static Analysis, SAS '12},
    year = {2012},
    isbn = {978-3-642-33124-4},
    pages = {75--93},
    numpages = {19},
    acmid = {2414946},
    publisher = {Springer-Verlag},
}
@TechReport{darulova,
    affiliation = {EPFL},
    author      = {Darulova, Eva and Kuncak, Viktor and Majumdar, Rupak and Saha, Indranil},
    details     = {http://infoscience.epfl.ch/record/181818},
    documenturl = {http://infoscience.epfl.ch/record/181818/files/fixpoints_techreport_1.pdf},
    keywords    = {fixed-point arithmetic; roundoff error; synthesis; genetic programming},
    oai-id      = {oai:infoscience.epfl.ch:181818},
    oai-set     = {driver},
    pagecount   = {10},
    status      = {PUBLISHED},
    submitter   = {191100; 191100; 191100; 191100},
    title       = {On the {G}eneration of {P}recise {F}ixed-{P}oint {E}xpressions},
    unit        = {LARA},
    year        = 2013,
    institution = {\'Ecole Polytechnique F\'ed\'erale De Lausanne},
}
@inproceedings{hosangadi,
    author = {Hosangadi, A. and Fallah, F. and Kastner, R.},
    title = {Factoring and eliminating common subexpressions in polynomial expressions},
    booktitle = {Proceedings of the 2004 IEEE/ACM International Conference on Computer-aided Design, ICCAD '04},
    year = {2004},
    isbn = {0-7803-8702-3},
    pages = {169--174},
    numpages = {6},
    doi = {10.1109/ICCAD.2004.1382566},
    acmid = {1112272},
    publisher = {IEEE Computer Society},
}
@article{ceberio04,
    author = {Ceberio, Martine and Kreinovich, Vladik},
    title = {Greedy Algorithms for Optimizing Multivariate Horner Schemes},
    journal = {SIGSAM Bull.},
    issue_date = {March 2004},
    volume = {38},
    number = {1},
    month = mar,
    year = {2004},
    issn = {0163-5824},
    pages = {8--15},
    numpages = {8},
    url = {http://doi.acm.org/10.1145/980175.980179},
    doi = {10.1145/980175.980179},
    acmid = {980179},
    publisher = {ACM},
}
@book{neumaier01,
    title={Introduction to numerical analysis},
    author={Neumaier, Arnold},
    year={2001},
    publisher={Cambridge University Press}
    isbn={9780521336109},
}
@inproceedings{peymandoust,
    author = {Peymandoust, A. and De Micheli, G.},
    booktitle = {Design Automation Conference, 2001. Proceedings},
    title = {Using symbolic algebra in algorithmic level {DSP} synthesis},
    year = {2001},
    pages = {277-282},
    doi = {10.1109/DAC.2001.156151},
    ISSN = {0738-100X},
}
@inproceedings{martel07,
    year = {2007},
    isbn = {978-3-540-74060-5},
    booktitle = {Static Analysis, Lecture Notes in Computer Science},
    volume = {4634},
    doi = {10.1007/978-3-540-74061-2_19},
    title = {Semantics-Based Transformation of Arithmetic Expressions},
    author = {Martel, Matthieu},
    pages = {298-314},
    publisher = {Springer-Verlag},
}
@inproceedings{martel09,
    author    = {Martel, Matthieu},
    title     = {Program transformation for numerical precision},
    booktitle = {Proceedings of the 2009 ACM SIGPLAN workshop on Partial
                 evaluation and program manipulation, PEPM '09},
    year      = {2009},
    isbn      = {978-1-60558-327-3},
    pages     = {101--110},
    doi       = {10.1145/1480945.1480960},
    acmid     = {1480960},
    publisher = {ACM},
    keywords  = {abstract interpretation, compiler optimizations,
                 floating-point numbers, numerical precision,
                 program transformation},
}
@book{moore,
    author = {Moore, Ramon E. and Kearfott, R. Baker and Cloud, Michael J.},
    title = {Introduction to Interval Analysis},
    year = {2009},
    publisher = {Society for Industrial and Applied Mathematics},
}
@inproceedings{cousot77,
    author = {Cousot, Patrick and Cousot, Radhia},
    title = {Abstract interpretation: a unified lattice model for static analysis of programs by construction or approximation of fixpoints},
    booktitle = {Proceedings of the 4th ACM SIGACT-SIGPLAN Symposium on Principles of Programming Languages, POPL '77},
    year = {1977},
    pages = {238--252},
    numpages = {15},
    doi = {10.1145/512950.512973},
    acmid = {512973},
    publisher = {ACM},
}
@incollection{basic_absint,
    year = {2004},
    isbn = {978-1-4020-8156-9},
    booktitle = {Building the Information Society},
    volume = {156},
    series = {IFIP International Federation for Information Processing},
    editor = {Jacquart, Ren√®},
    doi = {10.1007/978-1-4020-8157-6_27},
    title = {Basic Concepts of Abstract Interpretation},
    publisher = {Springer US},
    keywords = {Abstract Interpretation; Safety; Specification; Static Analysis; Verification},
    author = {Cousot, Patrick and Cousot, Radhia},
    pages = {359-366},
}
@misc{gmp,
    title={{GMP}, the {GNU} multiple precision arithmetic library},
    author={Granlund, Torbj{\"o}rn and others},
    url={http://gmplib.org/},
    year={1991}
}
@article{mpfr,
    title = {{MPFR}: A multiple-precision binary floating-point library with correct rounding},
    author = {Fousse, Laurent and Hanrot, Guillaume and Lef{\`e}vre, Vincent and P{\'e}lissier, Patrick and Zimmermann, Paul},
    journal = {ACM Transactions on Mathematical Software (TOMS)},
    volume = {33},
    number = {2},
    pages = {13},
    year = {2007},
    publisher = {ACM}
}
@manual{xst,
    title = {XST User Guide for Virtex-6, Spartan-6, and 7 Series Devices},
    author = {{Xilinx, Inc.}},
    year = {2013},
    month = mar,
    url = {http://www.xilinx.com/support/documentation/sw_manuals/xilinx14_5/xst_v6s6.pdf}
}
@article{flopoco,
    author = {de Dinechin, F. and Pasca, B.},
    journal = IEEE_M_DTC,
    title = {Designing Custom Arithmetic Data Paths with {FloPoCo}},
    year = {2011},
    volume = {28},
    number = {4},
    pages = {18-27},
    doi = {10.1109/MDT.2011.44},
    ISSN = {0740-7475},
}
@inproceedings{comba,
    title = {Affine arithmetic and its applications to computer graphics},
    author = {Comba, Jo{\~a}o Luiz Dihl and Stol, Jorge},
    booktitle = {Anais do VI Simp\'osio Brasileiro de Computacc\~ao Gr\'afica e Processamento de Imagens, SIBGRAPI '93},
    pages = {9--18},
    year = {1993},
}
@inproceedings{goubault,
    author = {Ghorbal, Khalil and Goubault, Eric and Putot, Sylvie},
    title = {A logical product approach to zonotope intersection},
    booktitle = {Proceedings of the 22nd International Conference on Computer Aided Verification, CAV'10},
    year = {2010},
    isbn = {3-642-14294-X, 978-3-642-14294-9},
    pages = {212--226},
    numpages = {15},
    doi = {10.1007/978-3-642-14295-6_22},
    acmid = {2144338},
    publisher = {Springer-Verlag},
}
@inproceedings{demmel,
    author = {Demmel, James},
    title = {Accurate and efficient expression evaluation and linear algebra},
    booktitle = {Proceedings of the 2011 International Workshop on Symbolic-Numeric Computation, SNC '11},
    year = {2011},
    isbn = {978-1-4503-0515-0},
    pages = {2},
    numpages = {1},
    doi = {10.1145/2331684.2331686},
    acmid = {2331686},
    publisher = {ACM},
    keywords = {accurate numerical linear algebra, eigenvalues, structured matrices},
}
@inproceedings{langhammer,
    title = {{FPGA} Floating Point Datapath Compiler},
    author = {Langhammer, Martin and VanCourt, Tom},
    booktitle = {17th IEEE Symposium on Field Programmable Custom Computing Machines, FCCM '09},
    pages = {259--262},
    year = {2009},
    organization = {IEEE},
}
@inproceedings{damouche14,
    author = {Damouche, Nasrine and Martel, Matthieu and Chapoutot, Alexandre},
    title = {Transformation of a PID Controller for Numerical Accuracy},
    booktitle = {
                 7th International Workshop on Numerical Software Verification},
    series = {NSV '14},
    year = {2014},
    month = jul,
}
@inproceedings{llvm,
    author = {Lattner, Chris and Adve, Vikram},
    title = {{
             LLVM: A Compilation Framework for Lifelong Program Analysis \&
             Transformation}},
    booktitle = {
                 Proceedings of the International Symposium on Code Generation and
                 Optimization},
    series = {CGO '04},
    isbn = {0-7695-2102-9},
    location = {Palo Alto, California},
    pages = {75},
    url = {http://dl.acm.org/citation.cfm?id=977395.977673},
    acmid = {977673},
}
@manual{llvm_ir,
    shorthand = {LLIR},
    title = {{LLVM Language Reference Manual}},
    author = {The LLVM Development Team},
    url = {http://llvm.org/docs/LangRef.html},
}
@manual{altfp,
    title = {{Floating-Point Megafunctions---User Guide}},
    author = {{Altera Corporation}},
    year = {2013},
    month = nov,
    url = {http://www.altera.co.uk/literature/ug/ug_altfp_mfug.pdf},
}
@inproceedings{kuck81,
    author = {
              Kuck, D. J. and Kuhn, R. H. and Padua, D. A. and Leasure, B. and
              Wolfe, M.
              },
    title = {Dependence Graphs and Compiler Optimizations},
    booktitle = {
                 Proceedings of the 8th ACM SIGPLAN-SIGACT Symposium on Principles of
                 Programming Languages},
    series = {POPL '81},
    isbn = {0-89791-029-X},
    location = {Williamsburg, Virginia},
    pages = {207--218},
    numpages = {12},
    doi = {10.1145/567532.567555},
    acmid = {567555},
}
@inproceedings{namballa04,
    author={Namballa, R. and Ranganathan, N. and Ejnioui, A},
    booktitle={
               Proceedings of the IEEE Computer Society Annual Symposium on VLSI,
               2004.},
    title={Control and data flow graph extraction for high-level synthesis},
    year={2004},
    month=feb,
    pages={187-192},
    doi={10.1109/ISVLSI.2004.1339528},
}
@article{knuth64,
    author = {Knuth, Donald E.},
    title = {{Backus Normal Form vs. Backus Naur Form}},
    journal = {Commun. ACM},
    issue_date = {Dec. 1964},
    volume = {7},
    number = {12},
    month = dec,
    year = {1964},
    issn = {0001-0782},
    pages = {735--736},
    numpages = {2},
    doi = {10.1145/355588.365140},
    acmid = {365140},
    publisher = {ACM},
}
@inproceedings{tate09,
    author = {Tate, Ross and Stepp, Michael and Tatlock, Zachary and Lerner, Sorin},
    title = {Equality Saturation: A New Approach to Optimization},
    booktitle = {Proceedings of the 36th Annual ACM SIGPLAN-SIGACT Symposium on
                 Principles of Programming Languages},
    series = {POPL '09},
    isbn = {978-1-60558-379-2},
    location = {Savannah, GA, USA},
    pages = {264--276},
    numpages = {13},
    doi = {10.1145/1480881.1480915},
    acmid = {1480915},
    keywords = {compiler optimization, equality reasoning,
                intermediate representation},
}
@inproceedings{kahn87,
    author = {Kahn, Gilles},
    title = {Natural Semantics},
    booktitle = {
                 4th Annual Symposium on Theoretical Aspects of Computer Sciences on
                 STACS 87},
    year = {1987},
    isbn = {0-387-17219-X},
    location = {Passau, Germany},
    pages = {22--39},
    numpages = {18},
    url = {http://dl.acm.org/citation.cfm?id=28220.28222},
    acmid = {28222},
}
@book{gcc,
    title={
           Using and porting the GNU compiler collection---For GCC Version 6.1.0},
    author={Richard M Stallman and {the GCC Developer Community}},
    year={2016},
    publisher={Free Software Foundation, Inc},
    url = {https://gcc.gnu.org/onlinedocs/gcc-6.1.0/gcc.pdf}
}
@online{clang,
    title = {Clang 3.9 documentation},
    author = {The {Clang Team}},
    url = {http://clang.llvm.org/docs/UsersManual.html},
    year = {2016},
}
@article{menard12,
    author = {
              Menard, Daniel and Herve, Nicolas and Sentieys, Olivier and
              Nguyen, Hai-Nam},
    title = {{High-level Synthesis Under Fixed-point Accuracy Constraint}},
    journal = {JECE},
    issue_date = {January 2012},
    volume = {2012},
    month = jan,
    year = {2012},
    issn = {2090-0147},
    pages = {8:8--8:8},
    articleno = {8},
    numpages = {1},
    doi = {10.1155/2012/906350},
    acmid = {2336534},
    publisher = {Hindawi Publishing Corp.},
}
@misc{bdti_xilinx,
    title = {{An Independent Evaluation of: High-Level Synthesis Tools for Xilinx FPGAs}},
    author = {{Berkeley Design Technology, Inc.}},
    year = {2010},
    url = {http://www.xilinx.com/technology/dsp/BDTI_techpaper.pdf},
}
@article{meeus12,
    year={2012},
    journal={Design Automation for Embedded Systems},
    volume={16},
    number={3},
    title={{An Overview of Today's High-Level Synthesis Tools}},
    author={Meeus, Wim and Van Beeck, Kristof and Goedem\'e, Toon and Meel, Jan and Stroobandt, Dirk},
    pages={31-51},
}
@book{higham02,
    author = {Higham, Nicholas J.},
    title = {Accuracy and Stability of Numerical Algorithms},
    year = {2002},
    isbn = {0898715210},
    edition = {2nd},
    publisher = {Society for Industrial and Applied Mathematics},
}
@INPROCEEDINGS{canis14,
    author={Andrew Canis and Stephen Dean Brown and Jason Helge Anderson},
    booktitle={2014 24th International Conference on Field Programmable Logic and Applications (FPL)},
    title={Modulo SDC Scheduling with Recurrence Minimization in High-Level Synthesis},
    year={2014},
    pages={1-8},
    keywords={high level synthesis;resource allocation;scheduling;HLS modulo SDC scheduling;cross-iteration dependency;high-level synthesis scheduling technique;initiation interval;loop iteration;loop pipeline schedule;recurrence minimization;resource constraint;Clocks;Optimal scheduling;Pipeline processing;Schedules;Scheduling;Scheduling algorithms;Vegetation},
    doi={10.1109/FPL.2014.6927490},
    ISSN={1946-147X},
    month=sep,
}
@inproceedings{rau94,
    author = {Rau, B. Ramakrishna},
    title = {{Iterative Modulo Scheduling: An Algorithm for Software Pipelining Loops}},
    booktitle = {MICRO},
    year = {1994},
}
@incollection{livermore,
    year={2011},
    isbn={978-0-387-09765-7},
    booktitle={Encyclopedia of Parallel Computing},
    doi={10.1007/978-0-387-09766-4_161},
    title={{Livermore Loops}},
    publisher={Springer US},
    author={Dongarra, Jack and Luszczek, Piotr},
    pages={1041-1043},
}
@misc{polybench,
    title={{PolyBench/C---the Polyhedral Benchmark suite}},
    author={Pouchet, Louis-Noel},
    howpublished={\url{http://web.cse.ohio-state.edu/~pouchet/software/polybench/}},
}
@inproceedings{isl,
    year={2010},
    booktitle={ICMS},
    title={{isl: An Integer Set Library for the Polyhedral Model}},
    author={Verdoolaege, Sven},
}
@incollection{wang_hls,
    year={2008},
    booktitle={High-Level Synthesis},
    title={{Operation Scheduling: Algorithms and Applications}},
    publisher={Springer},
    author={Wang, Gang and Gong, Wenrui and Kastner, Ryan},
}
@inproceedings{cong15,
    author = {Li, Peng and Zhang, Peng and Pouchet, Louis-Noel and Cong, Jason},
    title = {Resource-Aware Throughput Optimization for High-Level Synthesis},
    booktitle = {FPGA},
    year = {2015},
}
@booklet{vivado_ds,
    title = {{Vivado Design Suite User Guide---Synthesis}},
    author = {{Xilinx, Inc.}},
    year = {2015},
}
@incollection{rau92,
    year={1992},
    booktitle={Languages and Compilers for Parallel Computing},
    volume={589},
    series={LNCS},
    title={{Data Flow and Dependence Analysis for Instruction Level Parallelism}},
    publisher={Springer},
    author={Rau, B. Ramakrishna},
    pages={236-250},
}
@article{cytron91,
    author = {Cytron, Ron and Ferrante, Jeanne and Rosen, Barry K. and Wegman, Mark N. and Zadeck, F. Kenneth},
    title = {Efficiently Computing Static Single Assignment Form and the Control Dependence Graph},
    journal = {ACM TOPLAS},
    volume = {13},
    number = {4},
    month = oct,
    year = {1991},
    pages = {451--490},
    publisher = {ACM},
}
@article{gajski94,
    author = {Gajski, Daniel D. and Ramachandran, Loganath},
    title = {Introduction to High-Level Synthesis},
    journal = {IEEE Design and Test of Computers},
    issue_date = {October 1994},
    volume = {11},
    number = {4},
    month = oct,
    year = {1994},
    issn = {0740-7475},
    pages = {44--54},
    numpages = {11},
    acmid = {622573},
    publisher = {IEEE Computer Society Press},
}
@inproceedings{orailoglu86,
    author = {Orailoglu, Alex and Gajski, Daniel D.},
    title = {Flow Graph Representation},
    booktitle = {Proceedings of the 23rd ACM/IEEE Design Automation Conference},
    series = {DAC '86},
    year = {1986},
    isbn = {0-8186-0702-5},
    location = {Las Vegas, Nevada, USA},
    pages = {503--509},
    numpages = {7},
    url = {http://dl.acm.org/citation.cfm?id=318013.318093},
    acmid = {318093},
    publisher = {IEEE Press},
}
@inproceedings{nicolau91,
    author = {Nicolau, Alexandru and Potasmann, Roni},
    title = {Incremental Tree Height Reduction for High Level Synthesis},
    booktitle = {DAC},
    year = {1991}
}
@incollection{damouche15,
    year={2015},
    booktitle={Formal Methods for Industrial Critical Systems},
    volume={9128},
    series={LNCS},
    editor={N\'u\~nez, Manuel and G\"udemann, Matthias},
    title={Intra-procedural Optimization of the Numerical Accuracy of Programs},
    publisher={Springer},
    author={Damouche, Nasrine and Martel, Matthieu and Chapoutot, Alexandre},
    pages={31-46},
}
@inproceedings{bridson07,
    author = {Bridson, Robert},
    title = {Fast Poisson Disk Sampling in Arbitrary Dimensions},
    booktitle = {SIGGRAPH Sketches},
    year = {2007},
}
@article{bacon13,
    author = {Bacon, David and Rabbah, Rodric and Shukla, Sunil},
    title = {FPGA Programming for the Masses},
    journal = {Queue},
    issue_date = {February 2013},
    volume = {11},
    number = {2},
    month = feb,
    year = {2013},
    issn = {1542-7730},
    pages = {40:40--40:52},
    articleno = {40},
    numpages = {13},
    doi = {10.1145/2436696.2443836},
    acmid = {2443836},
    publisher = {ACM},
}
@article{canis13,
    author = {Canis, Andrew and Choi, Jongsok and Aldham, Mark and Zhang, Victor and Kammoona, Ahmed and Czajkowski, Tomasz and Brown, Stephen D. and Anderson, Jason H.},
    title = {LegUp: An Open-source High-level Synthesis Tool for FPGA-based Processor/Accelerator Systems},
    journal = {ACM Transactions on Embedded Computing Systems},
    issue_date = {September 2013},
    volume = {13},
    number = {2},
    month = sep,
    year = {2013},
    issn = {1539-9087},
    pages = {24:1--24:27},
    articleno = {24},
    numpages = {27},
    doi = {10.1145/2514740},
    acmid = {2514740},
    publisher = {ACM},
    keywords = {FPGAs, High-level synthesis, field-programmable gate arrays, hardware/software codesign, performance, power, synthesis},
}
@article{backus78,
    author = {Backus, John},
    title = {{Can Programming Be Liberated from the Von Neumann Style? A Functional Style and Its Algebra of Programs}},
    journal = {Commun. ACM},
    issue_date = {Aug. 1978},
    volume = {21},
    number = {8},
    month = aug,
    year = {1978},
    issn = {0001-0782},
    pages = {613--641},
    numpages = {29},
    doi = {10.1145/359576.359579},
    acmid = {359579},
    publisher = {ACM},
    keywords = {algebra of programs, applicative computing systems, applicative state transition systems, combining forms, functional forms, functional programming, metacomposition, models of computing systems, program correctness, program termination, program transformation, programming languages, von Neumann computers, von Neumann languages},
}
@techreport{wulf94,
    author = {Wulf, Wm. A. and McKee, Sally A.},
    title = {Hitting the Memory Wall: Implications of the Obvious},
    year = {1994},
    source = {http://www.ncstrl.org:8900/ncstrl/servlet/search?formname=detail\&id=oai%3Ancstrlh%3Auva_cs%3AUVA_CS%2F%2FCS-94-48},
    publisher = {University of Virginia},
}
@inproceedings{kowarschik03,
    author = {Markus Kowarschik and Christian Wei√ü},
    title = {An Overview of Cache Optimization Techniques and Cache-Aware Numerical Algorithms},
    booktitle = {Algorithms for Memory Hierarchies ‚Äî Advanced Lectures, volume 2625 of Lecture Notes in Computer Science},
    year = {2003},
    pages = {213--232},
    publisher = {Springer}
}
@techreport{karen04,
    author = {Karen Parnell and Roger Bryner},
    title = {{Comparing and Contrasting FPGA and Microprocessor System Design and Development}},
    publisher = {Xilinx, Inc.},
    url = {http://www.xilinx.com/support/documentation/white_papers/wp213.pdf},
    year = {2004},
    month = jul,
}
@techreport{semico12,
    institution = {{Semico Research Corporation}},
    title = {{How an FPGA Approach to Complex System Design Can Improve Profitability: Real Case Studies}},
    url = {http://www.xilinx.com/publications/prod_mktg/easypath-7-fpga-asic-approach.pdf}
    year = {2012},
    month = apr,
}
@inproceedings{thomas09,
    author = {Thomas, David Barrie and Howes, Lee and Luk, Wayne},
    title = {A Comparison of CPUs, GPUs, FPGAs, and Massively Parallel Processor Arrays for Random Number Generation},
    booktitle = {Proceedings of the ACM/SIGDA International Symposium on Field Programmable Gate Arrays},
    series = {FPGA '09},
    year = {2009},
    isbn = {978-1-60558-410-2},
    location = {Monterey, California, USA},
    pages = {63--72},
    numpages = {10},
    doi = {10.1145/1508128.1508139},
    acmid = {1508139},
    publisher = {ACM},
    keywords = {fpga, gpu, monte-carlo, mppa, random numbers},
}
@inproceedings{brodtkorb10,
    author = {Andre R. Brodtkorb and Christopher Dyken and Trond R. Hagen and Jon M. Hjelmervik and Olaf O. Storaasli},
    title = {State-of-the-art in heterogeneous computing},
    year = {2010},
    booktitle = {Scientific Programming 18},
}
@techreport{sirowy08,
    author = {Scott Sirowy and Alessandro Forin},
    title = {Where‚Äôs the Beef? Why FPGAs Are So Fast},
    year = {2008},
    month = aug,
    institution = {Microsoft},
    number = {MSR-TR-2008-130},
}
@manual{stratix5,
    title = {{Stratix V Device Handbook Volume 1: Device Interfaces and Integration}},
    author = {{Altera Corporation}},
    year = {2015},
    month = dec,
    url = {https://www.altera.com/en_US/pdfs/literature/hb/stratix-v/stx5_core.pdf},
}
@manual{stratix10stat,
    title = {{Stratix 10 Product Table}},
    author = {{Altera Corporation}},
    year = {2015},
    url = {https://www.altera.com/content/dam/altera-www/global/en_US/pdfs/literature/pt/stratix-10-product-table.pdf}
}
@manual{stratix10fp,
    title = {{Stratix 10: The Most Powerful, Most Efficient FPGA for Signal Processing}},
    booktitle = {{Backgrounder}},
    author = {{Altera Corporation}},
    year = {2015},
    url = {https://www.altera.com/content/dam/altera-www/global/en_US/pdfs/literature/backgrounder/stratix10-floating-point-backgrounder.pdf}
}
@book{comparch,
    author = {Hennessy, John L. and Patterson, David A.},
    title = {Computer Architecture, Fifth Edition: A Quantitative Approach},
    year = {2011},
    isbn = {012383872X, 9780123838728},
    edition = {5th},
    publisher = {Morgan Kaufmann Publishers Inc.},
}
@inproceedings{underwood04,
    author = {Underwood, Keith},
    title = {FPGAs vs. CPUs: Trends in Peak Floating-point Performance},
    booktitle = {Proceedings of the 2004 ACM/SIGDA 12th International Symposium on Field Programmable Gate Arrays},
    series = {FPGA '04},
    year = {2004},
    isbn = {1-58113-829-6},
    location = {Monterey, California, USA},
    pages = {171--180},
    numpages = {10},
    doi = {10.1145/968280.968305},
    acmid = {968305},
    publisher = {ACM},
    keywords = {FPGA, floating point, supercomputing, trends},
}
@inproceedings{catapult,
    author       = {Andrew Putnam and Adrian Caulfield and Eric Chung and Derek Chiou and Kypros
                    Constantinides and John Demme and Hadi Esmaeilzadeh and Jeremy Fowers and Gopi
                    Prashanth Gopal and Jan Gray and Michael Haselman and Scott Hauck and Stephen
                    Heil and Amir Hormati and Joo-Young Kim and Sitaram Lanka and Jim Larus and Eric
                    Peterson and Simon Pope and Aaron Smith and Jason Thong and Phillip Yi Xiao and
                    Doug Burger},
    booktitle    = {41st Annual International Symposium on Computer Architecture (ISCA)},
    month        = jun,
    title        = {A Reconfigurable Fabric for Accelerating Large-Scale Datacenter Services},
    url          = {http://research.microsoft.com/apps/pubs/default.aspx?id=212001},
    year         = {2014},
}
@incollection{kapre08,
    title={{Programming FPGA applications in VHDL}},
    author={Kapre, Nachiket and DeHon, Andr{\'e}},
    booktitle={{Reconfigurable Computing: The Theory and Practice of FPGA-Based Computation}},
    editor={Hauck, Scott and DeHon, Andr{\'e}},
    year={2008},
    publisher={{Morgan Kaufmann}},
    pages={129--154},
}
@ARTICLE{vhdl,
    journal={{IEEE Std 1076-2008 (Revision of IEEE Std 1076-2002)}},
    title={{IEEE Standard VHDL Language Reference Manual}},
    author = {{IEEE}},
    year={2009},
    pages={1--626},
    doi={10.1109/IEEESTD.2009.4772740},
    month=jan,
    url={http://ieeexplore.ieee.org/servlet/opac?punumber=4772738},
}

@article{verilog,
    journal={{IEEE Std 1364-2005 (Revision of IEEE Std 1364-2001)}},
    title={{IEEE Standard for Verilog Hardware Description Language}},
    author = {{IEEE}},
    pages={1--560},
    doi={10.1109/IEEESTD.2006.99495},
    year={2006},
    month=apr,
    url={http://ieeexplore.ieee.org/servlet/opac?punumber=10779},
}
@manual{quartus,
    title = {{Introduction to the Quartus II Software}},
    author = {{Altera Corporation}},
    year = {2010},
    url = {https://www.altera.com/content/dam/altera-www/global/en_US/pdfs/literature/manual/intro_to_quartus2.pdf},
}
@incollection{cong08,
    title={{Technology Mapping}},
    author={Jason Cong and Peichen Pan},
    booktitle={{Reconfigurable Computing: The Theory and Practice of FPGA-Based Computation}},
    editor={Hauck, Scott and DeHon, Andr{\'e}},
    year={2008},
    publisher={{Morgan Kaufmann}},
    pages={277--296},
}
@incollection{betz08,
    title={{Placement for General-Purpose FPGAS}},
    author={Vaughn Betz},
    booktitle={{Reconfigurable Computing: The Theory and Practice of FPGA-Based Computation}},
    editor={Hauck, Scott and DeHon, Andr{\'e}},
    year={2008},
    publisher={{Morgan Kaufmann}},
    pages={299--318},
}
@incollection{guccione08,
    title={{Configuration Bitstream Generation}},
    author={Steven A. Guccione},
    booktitle={{Reconfigurable Computing: The Theory and Practice of FPGA-Based Computation}},
    editor={Hauck, Scott and DeHon, Andr{\'e}},
    year={2008},
    publisher={{Morgan Kaufmann}},
    pages={401--410},
}
@inproceedings{cong06,
    author={Jason Cong and Zhiru Zhang},
    booktitle={2006 43rd ACM/IEEE Design Automation Conference},
    title={An efficient and versatile scheduling algorithm based on SDC formulation},
    year={2006},
    pages={433-438},
    keywords={constraint handling;heuristic programming;high level synthesis;mathematical programming;scheduling;SDC formulation;behavioral synthesis process;efficient scheduling algorithm;high-level specifications;optimized hardware implementations;scheduling constraints;scheduling heuristics;slack distribution;system of difference constraints;timing constraints;unified mathematical programming;versatile scheduling algorithm;Algorithm design and analysis;Constraint optimization;Delay;Design optimization;Hardware;Integrated circuit synthesis;Optimal scheduling;Processor scheduling;Scheduling algorithm;Timing;Algorithms;Behavioral synthesis;Design;Performance;SDC;Scheduling},
    doi={10.1109/DAC.2006.229228},
    ISSN={0738-100X},
    month=jun,
}
@inbook{kuhn10,
    author={Kuhn, Harold W.},
    editor={J{\"u}nger, Michael
            and Liebling, M. Thomas
            and Naddef, Denis
            and Nemhauser, L. George
            and Pulleyblank, R. William
            and Reinelt, Gerhard
            and Rinaldi, Giovanni
            and Wolsey, A. Laurence},
    title={{The Hungarian Method for the Assignment Problem}},
    booktitle={50 Years of Integer Programming 1958--2008: From the Early Years to the State-of-the-Art},
    year={2010},
    publisher={Springer Berlin Heidelberg},
    pages={29--47},
    isbn={978-3-540-68279-0},
    doi={10.1007/978-3-540-68279-0_2},
}
@article{hwang91,
    author={C. T. Hwang and J. H. Lee and Y. C. Hsu},
    journal={IEEE Transactions on Computer-Aided Design of Integrated Circuits and Systems},
    title={A formal approach to the scheduling problem in high level synthesis},
    year={1991},
    volume={10},
    number={4},
    pages={464-475},
    keywords={circuit CAD;integer programming;linear programming;scheduling;ALAP;ASAP;CAD;bus constraint;chaining;feasible scheduling;functional pipelining;high level synthesis;integer LP model;integer linear programming;list scheduling;loop folding;multicycle operations;mutually exclusive operations;nonpipelined function units;pipelined function units;resource-constrained scheduling;scheduling problem;time-constrained scheduling;Digital systems;Filters;Flow graphs;Hardware design languages;High level synthesis;Integer linear programming;Pipeline processing;Scheduling algorithm;Space exploration;Timing},
    doi={10.1109/43.75629},
    ISSN={0278-0070},
    month=apr,
}
@inproceedings{rau81,
    author = {Rau, B. Ramakrishna and Glaeser, Christopher. D.},
    title = {Some Scheduling Techniques and an Easily Schedulable Horizontal Architecture for High Performance Scientific Computing},
    booktitle = {Proceedings of the 14th Annual Workshop on Microprogramming},
    series = {MICRO 14},
    year = {1981},
    location = {Chatham, Massachusetts, USA},
    pages = {183--198},
    numpages = {16},
    url = {http://dl.acm.org/citation.cfm?id=800075.802449},
    acmid = {802449},
    publisher = {IEEE Press},
}
@inproceedings{codina02,
    author = {Codina, Josep M. and Llosa, Josep and Gonz\'{a}lez, Antonio},
    title = {A Comparative Study of Modulo Scheduling Techniques},
    booktitle = {Proceedings of the 16th International Conference on Supercomputing},
    series = {ICS '02},
    year = {2002},
    isbn = {1-58113-483-5},
    location = {New York, New York, USA},
    pages = {97--106},
    numpages = {10},
    doi = {10.1145/514191.514208},
    acmid = {514208},
    publisher = {ACM},
    keywords = {Modulo scheduling, comparative study, instruction level parallel architectures, instruction scheduling, quantitative evaluation},
}
@inproceedings{zhang13,
    author={Zhiru Zhang and Bin Liu},
    booktitle={2013 IEEE/ACM International Conference on Computer-Aided Design (ICCAD)},
    title={SDC-based Modulo Scheduling for Pipeline Synthesis},
    year={2013},
    pages={211-218},
    keywords={high level synthesis;pipeline processing;scheduling;SDC-based modulo scheduling;global optimization;hardware design;incremental update;mathematical properties;pipeline synthesis;Optimal scheduling;Pipeline processing;Registers;Schedules;Scheduling algorithms;Timing},
    doi={10.1109/ICCAD.2013.6691121},
    ISSN={1092-3152},
    month=nov,
}
@article{mcnairy03,
    author = {Cameron McNairy and Don Soltis},
    title = {Itanium 2 Processor Microarchitecture},
    journal ={IEEE Micro},
    volume = {23},
    number = {2},
    issn = {0272-1732},
    year = {2003},
    pages = {44-55},
    doi = {http://doi.ieeecomputersociety.org/10.1109/MM.2003.1196114},
    publisher = {IEEE Computer Society},
}
@article{schreiber02,
    author={Schreiber, Robert
            and Aditya, Shail
            and Mahlke, Scott
            and Kathail, Vinod
            and Rau, B. Ramakrishna
            and Cronquist, Darren
            and Sivaraman, Mukund},
    title={PICO-NPA: High-Level Synthesis of Nonprogrammable Hardware Accelerators},
    journal={Journal of VLSI signal processing systems for signal, image and video technology},
    year={2002},
    volume={31},
    number={2},
    pages={127--142},
    issn={0922-5773},
    doi={10.1023/A:1015341305426},
    url={http://dx.doi.org/10.1023/A:1015341305426}
}
@inproceedings{tripp05,
    author={J. L. Tripp and K. D. Peterson and C. Ahrens and J. D. Poznanovic and M. B. Gokhale},
    booktitle={International Conference on Field Programmable Logic and Applications, 2005.},
    title={Trident: an FPGA compiler framework for floating-point algorithms},
    year={2005},
    pages={317-322},
    keywords={field programmable gate arrays;parallelising compilers;reconfigurable architectures;FPGA compiler framework;Trident;compiler optimizations;floating-point algorithms;pipeline loop body;reconfigurable logic;scheduling techniques;Algorithm design and analysis;Field programmable gate arrays;Hardware design languages;Kernel;Libraries;Optimizing compilers;Parallel processing;Partitioning algorithms;Pipeline processing;Prototypes},
    doi={10.1109/FPL.2005.1515741},
    ISSN={1946-147X},
    month=aug
}
@inproceedings{fan08,
    author = {Fan, Kevin and Park, Hyun hul and Kudlur, Manjunath and Mahlke, S ott},
    title = {Modulo Scheduling for Highly Customized Datapaths to Increase Hardware Reusability},
    booktitle = {Proceedings of the 6th Annual IEEE/ACM International Symposium on Code Generation and Optimization},
    series = {CGO '08},
    year = {2008},
    isbn = {978-1-59593-978-4},
    location = {Boston, MA, USA},
    pages = {124--133},
    numpages = {10},
    url = {http://doi.acm.org/10.1145/1356058.1356075},
    doi = {10.1145/1356058.1356075},
    acmid = {1356075},
    publisher = {ACM},
    keywords = {loop accelerator, modulo scheduling, programmable asic},
}
@article{ramalingam99,
    author = {Ganesan Ramalingam and Junehwa Song and
              Leo Joskowicz and Raymond E. Miller},
    title = {{Solving Systems of Difference Constraints Incrementally}},
    journal = {Algorithmica},
    volume = {23},
    year = {1999},
    pages = {261--275},
    issue = {3},
    doi = {10.1007/PL00009261},
    masid = {859847}
}
@incollection{schrijver05,
    author = "Alexander Schrijver",
    title = "On the History of Combinatorial Optimization (Till 1960)",
    editor = "K. Aardal, G.L. Nemhauser and R. Weismantel",
    booktitle = "Discrete Optimization",
    publisher = "Elsevier",
    year = "2005",
    volume = "12",
    pages = "1--68",
    series = "Handbooks in Operations Research and Management Science ",
    issn = "0927-0507",
    doi = "10.1016/S0927-0507(05)12001-5",
}
@inbook{karp10,
    author="Karp, Richard M.",
    editor="J{\"u}nger, Michael
    and Liebling, M. Thomas
    and Naddef, Denis
    and Nemhauser, L. George
    and Pulleyblank, R. William
    and Reinelt, Gerhard
    and Rinaldi, Giovanni
    and Wolsey, A. Laurence",
    title="Reducibility Among Combinatorial Problems",
    booktitle="50 Years of Integer Programming 1958-2008: From the Early Years to the State-of-the-Art",
    year="2010",
    publisher="Springer Berlin Heidelberg",
    pages="219--241",
    isbn="978-3-540-68279-0",
    doi="10.1007/978-3-540-68279-0_8",
}
@article{nane15,
    author={Razvan Nane
            and Vlad-Mihai Sima
            and Christian Pilato
            and Jongsok Choi
            and Blair Fort
            and Andrew Canis
            and Yu Ting Chen
            and Hsuan Hsiao
            and Stephen Brown
            and Fabrizio Ferrandi
            and Jason Anderson
            and Koen Bertels},
    journal={IEEE Transactions on Computer-Aided Design of Integrated Circuits and Systems},
    title={A Survey and Evaluation of FPGA High-Level Synthesis Tools},
    year={2016},
    volume={PP},
    number={99},
    pages={1-1},
    keywords={Field programmable gate arrays;Hardware;Hardware design languages;Optimization;Program processors;Yttrium;Evaluation;High-Level Synthesis;Survey},
    doi={10.1109/TCAD.2015.2513673},
    ISSN={0278-0070},
}
@inproceedings{felix13,
    author={Felix Winterstein and Samuel Bayliss and George A. Constantinides},
    booktitle={2013 International Conference on Field-Programmable Technology (FPT)},
    title={High-Level Synthesis of Dynamic Data Structures: A Case Study Using Vivado HLS},
    year={2013},
    pages={362-365},
    keywords={data structures;field programmable gate arrays;high level synthesis;learning (artificial intelligence);logic design;C-to-RTL flows;FPGA design cycle;RTL designs;Xilinx Vivado HLS;complex data-dependent control flow;compute-intensive machine learning technique;data-flow centric implementation;design entry;dynamic data structures;dynamic memory allocation;hand-crafted designs;high-level synthesis tool;pointer-based data structures;pointer-linked data structures;recursive tree traversal implementation;register transfer level languages;source code;source-to-source transformations;Algorithm design and analysis;Clustering algorithms;Data structures;Dynamic scheduling;Heuristic algorithms;Pipeline processing;Resource management},
    doi={10.1109/FPT.2013.6718388},
    month=dec
}
@inproceedings{zhang15,
    author = {Zhang, Chen and Li, Peng and Sun, Guangyu and Guan, Yijin and Xiao, Bingjun and Cong, Jason},
    title = {Optimizing FPGA-based Accelerator Design for Deep Convolutional Neural Networks},
    booktitle = {Proceedings of the 2015 ACM/SIGDA International Symposium on Field-Programmable Gate Arrays},
    series = {FPGA '15},
    year = {2015},
    isbn = {978-1-4503-3315-3},
    location = {Monterey, California, USA},
    pages = {161--170},
    numpages = {10},
    doi = {10.1145/2684746.2689060},
    acmid = {2689060},
    publisher = {ACM},
    keywords = {acceleration, convolutional neural network, fpga, roofline model},
}
@inproceedings{suda16,
    author = {Suda, Naveen and Chandra, Vikas and Dasika, Ganesh and Mohanty, Abinash and Ma, Yufei and Vrudhula, Sarma and Seo, Jae-sun and Cao, Yu},
    title = {Throughput-Optimized OpenCL-based FPGA Accelerator for Large-Scale Convolutional Neural Networks},
    booktitle = {Proceedings of the 2016 ACM/SIGDA International Symposium on Field-Programmable Gate Arrays},
    series = {FPGA '16},
    year = {2016},
    isbn = {978-1-4503-3856-1},
    location = {Monterey, California, USA},
    pages = {16--25},
    numpages = {10},
    doi = {10.1145/2847263.2847276},
    acmid = {2847276},
    publisher = {ACM},
    keywords = {convolutional neural networks, fpga, opencl, optimization},
}
@manual{aoc,
    author = {{Altera Corporation}},
    title = {Altera SDK for OpenCL---Getting Started Guide},
    month = nov,
    year = {2015},
    url = {https://www.altera.com/content/dam/altera-www/global/en_US/pdfs/literature/hb/opencl-sdk/aocl_getting_started.pdf},
}
@article{felix15,
    author = {Winterstein, Felix J. and Bayliss, Samuel R. and Constantinides, George A.},
    title = {Separation Logic for High-Level Synthesis},
    journal = {ACM Trans. Reconfigurable Technology and Systems},
    issue_date = {February 2016},
    volume = {9},
    number = {2},
    month = dec,
    year = {2015},
    issn = {1936-7406},
    pages = {10:1--10:23},
    articleno = {10},
    numpages = {23},
    doi = {10.1145/2836169},
    acmid = {2836169},
    publisher = {ACM},
    keywords = {FPGA, high-level synthesis, memory system, separation logic, static analysis},
}
@inproceedings{wang13,
    author={Yuxin Wang and Peng Li and Peng Zhang and Chen Zhang and Jason Cong},
    booktitle={Design Automation Conference (DAC), 2013 50th ACM/EDAC/IEEE},
    title={Memory Partitioning for Multidimensional Arrays in High-Level Synthesis},
    year={2013},
    pages={1-8},
    keywords={information retrieval;storage management;DSP;Ehrhart points;automatic memory partitioning scheme;block RAM;data access conflict reduction;data throughput;heuristic solution;high-level synthesis;linear transformation;logic overhead;loop pipelining;memory bandwidth increment;memory padding;multidimensional arrays;multiple memory banks;on-chip memories;one-dimensional arrays;optimal solution;slices;Algorithm design and analysis;Arrays;Benchmark testing;Memory management;Partitioning algorithms;Random access memory;Vectors;High-Level Synthesis;Memory Padding;Memory Partitioning},
    ISSN={0738-100X},
    month=may
}
@inproceedings{cong12,
    author = {Cong, Jason and Zhang, Peng and Zou, Yi},
    title = {Optimizing Memory Hierarchy Allocation with Loop Transformations for High-level Synthesis},
    booktitle = {Proceedings of the 49th Annual Design Automation Conference},
    series = {DAC '12},
    year = {2012},
    isbn = {978-1-4503-1199-1},
    location = {San Francisco, California},
    pages = {1233--1238},
    numpages = {6},
    doi = {10.1145/2228360.2228586},
    acmid = {2228586},
    publisher = {ACM},
    keywords = {data reuse, high-level synthesis, loop transformation, memory hierarchy optimization},
}
@article{cong11,
    author = {Cong, Jason and Jiang, Wei and Liu, Bin and Zou, Yi},
    title = {Automatic Memory Partitioning and Scheduling for Throughput and Power Optimization},
    journal = {ACM Trans. Des. Autom. Electron. Syst.},
    issue_date = {March 2011},
    volume = {16},
    number = {2},
    month = apr,
    year = {2011},
    issn = {1084-4309},
    pages = {15:1--15:25},
    articleno = {15},
    numpages = {25},
    doi = {10.1145/1929943.1929947},
    acmid = {1929947},
    publisher = {ACM},
    keywords = {Behavioral synthesis, memory partition},
}
@inproceedings{alpern88,
    author = {Alpern, Bowen and Wegman, Mark N. and Zadeck, F. Kenneth},
    title = {Detecting Equality of Variables in Programs},
    booktitle = {Proceedings of the 15th ACM SIGPLAN-SIGACT Symposium on Principles of Programming Languages},
    series = {POPL '88},
    year = {1988},
    isbn = {0-89791-252-7},
    location = {San Diego, California, USA},
    pages = {1--11},
    numpages = {11},
    doi = {10.1145/73560.73561},
    acmid = {73561},
    publisher = {ACM},
}
@inproceedings{rosen88,
    author = {Rosen, B. K. and Wegman, M. N. and Zadeck, F. K.},
    title = {Global Value Numbers and Redundant Computations},
    booktitle = {Proceedings of the 15th ACM SIGPLAN-SIGACT Symposium on Principles of Programming Languages},
    series = {POPL '88},
    year = {1988},
    isbn = {0-89791-252-7},
    location = {San Diego, California, USA},
    pages = {12--27},
    numpages = {16},
    doi = {10.1145/73560.73562},
    acmid = {73562},
    publisher = {ACM},
}
@inproceedings{cytron86,
    author = {Cytron, Ron and Lowry, Andy and Zadeck, F. Kenneth},
    title = {Code Motion of Control Structures in High-level Languages},
    booktitle = {Proceedings of the 13th ACM SIGACT-SIGPLAN Symposium on Principles of Programming Languages},
    series = {POPL '86},
    year = {1986},
    location = {St. Petersburg Beach, Florida},
    pages = {70--85},
    numpages = {16},
    doi = {10.1145/512644.512651},
    acmid = {512651},
    publisher = {ACM},
}
@online{impulsec,
    url = {http://www.impulsec.com},
    title = {Impulse Accelerated Technologies, Inc},
}
@online{catapultc,
    url = {https://www.mentor.com/hls-lp/},
    title = {Catapult High-Level Synthesis Platform},
    author = {Mentor Graphics, Inc},
}
@INPROCEEDINGS{roccc,
    author={Walid A. Najjar},
    booktitle={2007 5th IEEE/ACM/IFIP International Conference on Hardware/Software Codesign and System Synthesis (CODES+ISSS)},
    title={Compiling code accelerators for FPGAs},
    year={2007},
    pages={2-2},
    keywords={circuit optimisation;electronic design automation;field programmable gate arrays;hardware description languages;high level languages;high level synthesis;optimising compilers;parallelising compilers;EDA tool;FPGA design;HDL;ROCCC optimization;SystemC code;VHDL;Verilog code;clock speed;code accelerator compiler;compile-time transformation;data-driven execution;electronic design automation;glue logic;hardware description language;hardware execution;high-level language;high-level synthesis;loop level parallelism;multidimensional arrays;nontrivial loop nest;off-chip memory access;on-chip storage;parallelizing compiler;riverside optimizing compiler for configurable computing;Clocks;Computer architecture;Field programmable gate arrays;Hardware;Hardware design languages;Parallel processing;Tutorials},
    month=sep,
}
@inproceedings{cytron87,
    author = {Cytron, Ron and Ferrante, Jeanne},
    title = {{What's in a name?}}
    booktitle = {{Proceedings of the 1987 International Conference on Parallel Processing}},
    year = {1987},
    month = aug,
    pages = {19--27},
}
@book{gupta04,
    booktitle = {SPARK: A Parallelizing Approach to the High-Level Synthesis of Digital Circuits},
    author = {Sumit Gupta and Rajesh Gupta and Nikil D. Dutt and Alexandru Nicolau},
    year = {2004},
    isbn = {978-1-4020-7838-5},
    publisher = {Springer US},
    edition = {1st},
    doi = {10.1007/b117058},
    pages = {10-1--10-20},
}
@techreport{sdaccel,
    title = {Xilinx SDAccel---A Unified Development Environment for Tomorrow‚Äôs Data Center},
    author = {Loring Wirbel},
    year = {2014},
    month = nov,
    publisher = {The Linley Group, Inc.},
    url = {http://www.xilinx.com/publications/prod_mktg/sdx/sdaccel-wp.pdf},
}
@inproceedings{almagor04,
    author = {Almagor, L. and Cooper, Keith D. and Grosul, Alexander and Harvey, Timothy J. and Reeves, Steven W. and Subramanian, Devika and Torczon, Linda and Waterman, Todd},
    title = {Finding Effective Compilation Sequences},
    booktitle = {Proceedings of the 2004 ACM SIGPLAN/SIGBED Conference on Languages, Compilers, and Tools for Embedded Systems},
    series = {LCTES '04},
    year = {2004},
    isbn = {1-58113-806-7},
    location = {Washington, DC, USA},
    pages = {231--239},
    numpages = {9},
    url = {http://doi.acm.org/10.1145/997163.997196},
    doi = {10.1145/997163.997196},
    acmid = {997196},
    publisher = {ACM},
    keywords = {adaptive compilers, learning models},
}
@inproceedings{touati06,
    author = {Touati, Sid-Ahmed-Ali and Barthou, Denis},
    title = {On the Decidability of Phase Ordering Problem in Optimizing Compilation},
    booktitle = {Proceedings of the 3rd Conference on Computing Frontiers},
    series = {CF '06},
    year = {2006},
    isbn = {1-59593-302-6},
    location = {Ischia, Italy},
    pages = {147--156},
    numpages = {10},
    url = {http://doi.acm.org/10.1145/1128022.1128042},
    doi = {10.1145/1128022.1128042},
    acmid = {1128042},
    publisher = {ACM},
    keywords = {input data I, iterative compilation, library generation, optimizing compilation, parameters space exploration, phase ordering},
}
@article{panchekha15,
    author = {Panchekha, Pavel and Sanchez-Stern, Alex and Wilcox, James R. and Tatlock, Zachary},
    title = {Automatically Improving Accuracy for Floating Point Expressions},
    journal = {SIGPLAN Not.},
    issue_date = {June 2015},
    volume = {50},
    number = {6},
    month = jun,
    year = {2015},
    issn = {0362-1340},
    pages = {1--11},
    numpages = {11},
    url = {http://doi.acm.org/10.1145/2813885.2737959},
    doi = {10.1145/2813885.2737959},
    acmid = {2737959},
    publisher = {ACM},
    keywords = {Floating point, numerical accuracy, program rewriting},
}
@article{toronto14,
    author={Neil Toronto and Jay McCarthy},
    journal={Computing in Science Engineering},
    title={Practically Accurate Floating-Point Math},
    year={2014},
    volume={16},
    number={4},
    pages={80-95},
    keywords={floating point arithmetic;mathematics computing;floating-point code debugging;floating-point math;Debugging;Encoding;Floating-point arithmetic;Mathematics;Measurement uncertainty;Programming;Standards;IEEE 754-2008 floating-point standard;Scientific programming;code debugging;floating-point code;scientific computing},
    doi={10.1109/MCSE.2014.90},
    ISSN={1521-9615},
    month=jul
}
@article{mccullough99,
    ISSN = {00220515},
    URL = {http://www.jstor.org/stable/2565215},
    author = {B. D. McCullough, H. D. Vinod},
    journal = {Journal of Economic Literature},
    number = {2},
    pages = {633-665},
    publisher = {American Economic Association},
    title = {The Numerical Reliability of Econometric Software},
    volume = {37},
    year = {1999}
}
@article{altman99,
    title = {The Robustness of Statistical Abstractions: A Look ‚ÄúUnder the Hood‚Äù of Statistical Models and Software},
    author = {Micah Altman and Michael McDonald},
    month = july,
    year = {1999},
    booktitle = {Summer Political Methodology Conference},
}
@article{martel12,
    author = {Martel, Matthieu},
    title = {Accurate Evaluation of Arithmetic Expressions (Invited Talk)},
    journal = {Electron. Notes Theor. Comput. Sci.},
    issue_date = {November, 2012},
    volume = {287},
    month = nov,
    year = {2012},
    issn = {1571-0661},
    pages = {3--16},
    numpages = {14},
    doi = {10.1016/j.entcs.2012.09.002},
    acmid = {2398030},
    publisher = {Elsevier Science Publishers B. V.},
    address = {Amsterdam, The Netherlands, The Netherlands},
    keywords = {Abstract Interpretation, Code Synthesis, Computer Arithmetic},
}
@inproceedings{schkufza14,
    author = {Schkufza, Eric and Sharma, Rahul and Aiken, Alex},
    title = {Stochastic Optimization of Floating-point Programs with Tunable Precision},
    booktitle = {Proceedings of the 35th ACM SIGPLAN Conference on Programming Language Design and Implementation},
    series = {PLDI '14},
    year = {2014},
    isbn = {978-1-4503-2784-8},
    location = {Edinburgh, United Kingdom},
    pages = {53--64},
    numpages = {12},
    doi = {10.1145/2594291.2594302},
    acmid = {2594302},
    publisher = {ACM},
    keywords = {64-bit, MCMC, Markov Chain Monte Carlo, SMT, binary, floating-point, precision, stochastic search, x86, x86-64},
}
@book{hamming86,
    author = {Hamming, Richard W},
    title = {Numerical Methods for Scientists and Engineers (2Nd Ed.)},
    year = {1986},
    isbn = {0-486-65241-6},
    publisher = {Dover Publications, Inc.},
    address = {New York, NY, USA},
}
@article{dowson97,
    author = {Dowson, Mark},
    title = {The Ariane 5 Software Failure},
    journal = {ACM SIGSOFT Software Engineering Notes},
    issue_date = {March 1997},
    volume = {22},
    number = {2},
    month = mar,
    year = {1997},
    issn = {0163-5948},
    pages = {84},
    url = {http://doi.acm.org/10.1145/251880.251992},
    doi = {10.1145/251880.251992},
    acmid = {251992},
    publisher = {ACM},
    address = {New York, NY, USA},
}
@techreport{patriot,
    title = {Patriot Missile Software Problem},
    booktitle = {GAO Report},
    author = {General Accounting Office},
    number = {GAO/IMTEC-92-26},
    location = {Washington, D.C., USA},
    month = feb,
    year = {1992},
    url = {http://fas.org/spp/starwars/gao/im92026.htm},
}
@inproceedings{turing37,
    title={On computable numbers, with an application to the Entscheidungsproblem},
    author={Turing, Alan M.},
    booktitle={Proceedings of the London Mathematical Society},
    doi={10.1112/plms/s2-42.1.230},
    pages={230--265},
    year={1937}
}
@article{rice53,
    ISSN = {00029947},
    URL = {http://www.jstor.org/stable/1990888},
    title = {Classes of Recursively Enumerable Sets and Their Decision Problems},
    author = {Henry G. Rice},
    journal = {Transactions of the American Mathematical Society},
    number = {2},
    pages = {358--366},
    publisher = {American Mathematical Society},
    volume = {74},
    year = {1953}
}
@phdthesis{mine04,
    title={Weakly relational numerical abstract domains},
    author={Min{\'e}, Antoine},
    year={2004},
    school={Ecole Polytechnique},
    url={http://www.di.ens.fr/~mine/these/these-color.pdf}
}
@article{mine07,
  author    = {Antoine Min{\'{e}}},
  title     = {A New Numerical Abstract Domain Based on Difference-Bound Matrices},
  journal   = {CoRR},
  volume    = {abs/cs/0703073},
  year      = {2007},
  url       = {http://arxiv.org/abs/cs/0703073},
}
@inproceedings{demoura08,
    author = {De Moura, Leonardo and Bj{\o}rner, Nikolaj},
    title = {Z3: An Efficient SMT Solver},
    booktitle = {Proceedings of the Theory and Practice of Software, 14th International Conference on Tools and Algorithms for the Construction and Analysis of Systems},
    series = {TACAS'08/ETAPS'08},
    year = {2008},
    isbn = {3-540-78799-2, 978-3-540-78799-0},
    location = {Budapest, Hungary},
    pages = {337--340},
    numpages = {4},
    doi = {10.1007/978-3-540-78800-3_24},
    acmid = {1792766},
    publisher = {Springer-Verlag},
}
@book{nielson99,
    author = {Nielson, Flemming and Nielson, Hanne R. and Hankin, Chris},
    title = {Principles of Program Analysis},
    year = {1999},
    publisher = {Springer-Verlag Berlin Heidelberg},
    isbn = {978-3-662-03811-6},
    doi = {10.1007/978-3-662-03811-6},
}
@book{kleene52,
    author = {Stephen Cole Kleene},
    title = {Introduction to Metamathematics},
    year = {1952},
    publisher = {North Holland},
    isbn = {9780720421033},
}
@article{tarski55,
    author = {Tarski, Alfred},
    journal = {Pacific Journal of Mathematics},
    number = {2},
    pages = {285--309},
    publisher = {Pacific Journal of Mathematics, A Non-profit Corporation},
    title = {A Lattice-Theoretical Fixpoint Theorem and Its Applications},
    url = {http://projecteuclid.org/euclid.pjm/1103044538},
    volume = {5},
    year = {1955}
}
@book{abramsky94,
    author = {Samson Abramsky and Achim Jung},
    title = {Domain Theory},
    editor = {Abramsky, S. and Gabbay, Dov M. and Maibaum, T. S. E.},
    booktitle = {Handbook of Logic in Computer Science},
    volume = {3},
    year = {1994},
    publisher = {Clarendon Press},
    address = {Oxford},
}
@inproceedings{cousot79,
    author = {Cousot, Patrick and Cousot, Radhia},
    title = {Systematic Design of Program Analysis Frameworks},
    booktitle = {Proceedings of the 6th ACM SIGACT-SIGPLAN Symposium on Principles of Programming Languages},
    series = {POPL '79},
    year = {1979},
    location = {San Antonio, Texas},
    pages = {269--282},
    numpages = {14},
    doi = {10.1145/567752.567778},
    acmid = {567778},
    publisher = {ACM},
}
@article{floyd62,
    author = {Floyd, Robert W.},
    title = {Algorithm 97: Shortest Path},
    journal = {Communications of the ACM},
    issue_date = {June 1962},
    volume = {5},
    number = {6},
    month = jun,
    year = {1962},
    issn = {0001-0782},
    pages = {345--},
    url = {http://doi.acm.org/10.1145/367766.368168},
    doi = {10.1145/367766.368168},
    acmid = {368168},
    publisher = {ACM},
}
@article{goubault09,
  author    = {Eric Goubault and
               Sylvie Putot},
  title     = {A zonotopic framework for functional abstractions},
  journal   = {CoRR},
  volume    = {abs/0910.1763},
  year      = {2009},
  url       = {http://arxiv.org/abs/0910.1763},
}
@inproceedings{ghorbal09,
    author={Ghorbal, Khalil and Goubault, Eric and Putot, Sylvie},
    editor={Bouajjani, Ahmed and Maler, Oded},
    chapter={The Zonotope Abstract Domain Taylor1+},
    title={Proceedings of the 21st International Conference on Computer Aided Verification},
    year={2009},
    publisher={Springer Berlin Heidelberg},
    pages={627--633},
    isbn={978-3-642-02658-4},
    doi={10.1007/978-3-642-02658-4_47},
}
@inproceedings{cousot78,
    author = {Cousot, Patrick and Halbwachs, Nicolas},
    title = {Automatic Discovery of Linear Restraints Among Variables of a Program},
    booktitle = {Proceedings of the 5th ACM SIGACT-SIGPLAN Symposium on Principles of Programming Languages},
    series = {POPL '78},
    year = {1978},
    location = {Tucson, Arizona},
    pages = {84--96},
    numpages = {13},
    doi = {10.1145/512760.512770},
    acmid = {512770},
    publisher = {ACM},
} 
@online{apron,
    shorthand  = {Apr},
    author = {ACI "S\'ecurit\'e \& Informatique"},
    title = {Project APRON},
    url = {http://apron.cri.ensmp.fr},
}
@online{ppl,
    shorthand = {PPL},
    author = {{BUGSENG} srl},
    title = {The Parma Polyhedra Library (PPL)},
    url = {http://bugseng.com/products/ppl/},
}
@article{granger89,
    title={Static analysis of arithmetical congruences},
    author={Granger, Philippe},
    journal={International Journal of Computer Mathematics},
    volume={30},
    number={3-4},
    pages={165--190},
    year={1989},
    publisher={Taylor \& Francis}
}
@inproceedings{granger91,
    author = {Granger, Philippe},
    title = {Static Analysis of Linear Congruence Equalities Among Variables of a Program},
    booktitle = {Proceedings of the International Joint Conference on Theory and Practice of Software Development on Colloquium on Trees in Algebra and Programming (CAAP '91): Vol 1},
    series = {TAPSOFT '91},
    year = {1991},
    isbn = {3-540-53982-4},
    location = {Brighton, United Kingdom},
    pages = {169--192},
    numpages = {24},
    url = {http://dl.acm.org/citation.cfm?id=111310.111320},
    acmid = {111320},
    publisher = {Springer-Verlag New York, Inc.},
} 
@online{astree,
    shorthand = {Ast},
    title = {The Astr\'ee Static Analyzer},
    url = {http://www.astree.ens.fr},
    author = {Patrick Cousot and Radhia Cousot and J\'er\^ome Feret and Antoine Min\'e and Xavier Rival and others},
}
@inproceedings{dasia09,
    author =    {Olivier Bouissou and Eric Conquet and Patrick Cousot and
                 Radhia Cousot and J{\'e}r{\^o}me Feret and Khalil Ghorbal
                 and Eric Goubault and David Lesens and Laurent Mauborgne and
                 Antoine Min\'e and Sylvie Putot and Xavier Rival and Michel
                 Turin},
    title =     {Space Software Validation using Abstract Interpretation},
    pages =     {1--7},
    volume =    {SP-669},
    year =      {2009},
    month =     {May},
    address =   {Istambul, Turkey},
    booktitle = {Proceedings of the International Space System Engineering Conference, Data Systems in Aerospace (DASIA 2009)},
    publisher = {ESA},
}
@online{polyspace,
    shorthand = {PBF},
    author = {MathWorks},
    url = {http://mathworks.com/products/polyspace-bug-finder/},
    title = {Polyspace Bug Finder},
}
@online{fluctuat,
    title = {Fluctuat: an abstract-interpretation based static analyzer of numerical programs},
    url = {http://www.lix.polytechnique.fr/Labo/Sylvie.Putot/fluctuat.html},
}
@online{eclair,
    shorthand = {ECL},
    title = {ECLAIR\@: a general platform for software verification},
    url = {http://bugseng.com/products/eclair},
    author = {{BUGSENG} srl},
}
